% ==================================================
% FAKE BIBTEX FILE FOR TESTING
% Save as: test_references.bib
% ==================================================

% JOURNAL ARTICLES
% ==================================================

@article{smith2023machine,
    title={Machine Learning Approaches to Data Analysis},
    author={Smith, John and Johnson, Mary and Williams, Robert},
    journal={Journal of Computational Science},
    volume={45},
    number={3},
    pages={234--256},
    year={2023},
    publisher={IEEE Press},
    doi={10.1109/JCS.2023.12345}
}

@article{zhang2024deep,
    title={Deep Learning for Image Recognition: A Comprehensive Survey},
    author={Zhang, Wei and Liu, Chen and Wang, Li},
    journal={IEEE Transactions on Pattern Analysis and Machine Intelligence},
    volume={46},
    number={2},
    pages={445--478},
    year={2024},
    publisher={IEEE},
    doi={10.1109/TPAMI.2024.67890}
}

@article{brown2022neural,
    title={Neural Network Architectures: Past, Present, and Future},
    author={Brown, David A. and Davis, Sarah M.},
    journal={Nature Machine Intelligence},
    volume={4},
    pages={123--145},
    year={2022},
    publisher={Nature Publishing Group},
    doi={10.1038/s42256-022-00456-x}
}

% CONFERENCE PAPERS
% ==================================================

@inproceedings{johnson2023algorithm,
    title={An Efficient Algorithm for Large-Scale Optimization},
    author={Johnson, Michael and Anderson, Patricia},
    booktitle={Proceedings of the International Conference on Machine Learning (ICML)},
    pages={1234--1242},
    year={2023},
    organization={PMLR},
    address={Honolulu, Hawaii}
}

@inproceedings{garcia2024transfer,
    title={Transfer Learning in Computer Vision Applications},
    author={Garcia, Maria and Martinez, Carlos and Rodriguez, Ana},
    booktitle={Proceedings of the IEEE Conference on Computer Vision and Pattern Recognition (CVPR)},
    pages={3456--3465},
    year={2024},
    organization={IEEE},
    address={Seattle, WA}
}

@inproceedings{lee2023distributed,
    title={Distributed Computing for Real-Time Data Processing},
    author={Lee, Sung-Min and Kim, Ji-Hye and Park, Min-Soo},
    booktitle={Proceedings of the ACM Symposium on Cloud Computing (SoCC)},
    pages={89--98},
    year={2023},
    organization={ACM},
    address={Santa Cruz, CA}
}

% BOOKS
% ==================================================

@book{bishop2023pattern,
    title={Pattern Recognition and Machine Learning},
    author={Bishop, Christopher M.},
    edition={3rd},
    year={2023},
    publisher={Springer},
    address={New York, NY},
    isbn={978-0-387-31073-2}
}

@book{goodfellow2024deep,
    title={Deep Learning: Theory and Applications},
    author={Goodfellow, Ian and Bengio, Yoshua and Courville, Aaron},
    year={2024},
    publisher={MIT Press},
    address={Cambridge, MA},
    isbn={978-0-262-03561-3}
}


% ==================================================
% END OF BIBLIOGRAPHY
% ==================================================